@article{Gutierrez2017,
title = "IoT–TEG: Test event generator system",
journal = "Journal of Systems and Software",
year = "2017",
issn = "0164-1212",
doi = "https://doi.org/10.1016/j.jss.2017.06.037",
howpublished={\url{http://www.sciencedirect.com/science/article/pii/S0164121217301280}},
author = "L. Gutiérrez-Madroñal and I. Medina-Bulo and J.J. Domínguez-Jiménez",
keywords = "Event generator, Testing, Event type definition, Internet of Things, Complex event processing"
}

@book{haller2008internet,
  title={The internet of things in an enterprise context},
  author={Haller, Stephan and Karnouskos, Stamatis and Schroth, Christoph},
  year={2008},
  publisher={Springer}
}

@misc{luckham1996rapide,
  title={Rapide: A language and toolset for simulation of distributed systems by partial orderings of events},
  author={Luckham, D},
  year={1996}
}

@misc{RuleCore:2016,
author = {RuleCore},
title = {RuleCore website},
howpublished={\url{http://freecode.com/projects/rulecore}},
date={03-29-2016}
}

@article{colladomachine,
  title={Machine learning approaches to detect elderly people falls using sound},
  author={Collado-Villaverde, Armando and R-Moreno, Mar{\i}a D and Barrero, David F and Rodriguez, Daniel},
  year={2017},
  publisher={Advances in Artificial Intelligence: From Theory to Practice},
  volume={10350}
}

@book{colladoTriaxal,
author = {Collado Villaverde, Armando and R-Moreno, María and Barrero, David and Rodriguez, Daniel},
year = {2016},
month = {09},
pages = {523-532},
title = {Triaxial Accelerometer Located on the Wrist for Elderly People’s Fall Detection},
isbn = {978-3-319-46256-1}
}

@inproceedings{abadi2005design,
  title={The Design of the Borealis Stream Processing Engine.},
  author={Abadi, Daniel J and Ahmad, Yanif and Balazinska, Magdalena and Cetintemel, Ugur and Cherniack, Mitch and Hwang, Jeong-Hyon and Lindner, Wolfgang and Maskey, Anurag and Rasin, Alex and Ryvkina, Esther and others},
  booktitle={CIDR},
  volume={5},
  pages={277--289},
  year={2005}
}

@book{Luc02,
  title={The power of events},
  author={Luckham, David},
  volume={204},
  year={2002},
  publisher={Addison-Wesley Reading}
}

@article{luckham2011,
  title={Event Processing Technical Society},
  author={Luckham, David and Schulte, Roy},
  journal={Event Processing Glossary—Version},
  volume={2},
  year={2011}
}

@MISC{Luc06,
    author = {Luckham, David},
    title = {A Current View Of Event Processing},
    year = {2006},
    note = {First Workshop on Event Processing [Accessed: 2016 02]},
    howpublished={\url{http://complexevents.com/wp-content/uploads/2006/03/dluckham-workshop-03-2006.pdf}},
}

@inproceedings{schiefer2007event,
  title={Event-driven rules for sensing and responding to business situations},
  author={Schiefer, Josef and Rozsnyai, Szabolcs and Rauscher, Christian and Saurer, Gerd},
  booktitle={Proceedings of the 2007 inaugural international conference on Distributed event-based systems},
  pages={198--205},
  year={2007},
  organization={ACM}
}

@article{Mic06,
  title={Event-driven architecture overview},
  author={Michelson, Brenda M},
  journal={Patricia Seybold Group},
  volume={2},
  year={2006}
}

@inproceedings{robins2010complex,
  title={Complex event processing},
  author={Robins, D},
  booktitle={Second International Workshop on Education Technology and Computer Science. Wuhan},
  year={2010}
}

@article{luckham1998complex,
  title={Complex event processing in distributed systems},
  author={Luckham, David C and Frasca, Brian},
  journal={Computer Systems Laboratory Technical Report CSL-TR-98-754. Stanford University, Stanford},
  volume={28},
  year={1998}
}

@article{perrochon1999managing,
  title={Managing event processing networks},
  author={Perrochon, Louis and Kasriel, Stephane and Luckham, David C},
  journal={Computer Systems Laboratory, Departments of Electrical Engineering and Computer Science, Stanford University, USA},
  pages={1--62},
  year={1999}
}

@incollection{ahn2006proactive,
  title={Proactive context-aware sensor networks},
  author={Ahn, Sungjin and Kim, Daeyoung},
  booktitle={Wireless Sensor Networks},
  pages={38--53},
  year={2006},
  publisher={Springer}
}

@article{perera2014context,
  title={Context aware computing for the internet of things: A survey},
  author={Perera, Charith and Zaslavsky, Arkady and Christen, Peter and Georgakopoulos, Dimitrios},
  journal={Communications Surveys \& Tutorials, IEEE},
  volume={16},
  number={1},
  pages={414--454},
  year={2014},
  publisher={IEEE}
}

@inproceedings{dunkel2009injecting,
  title={Injecting Semantics into Event-driven Architectures.},
  author={Dunkel, J{\"u}rgen and Fern{\'a}ndez, Alberto and Ortiz, Rub{\'e}n and Ossowski, Sascha},
  booktitle={ICEIS (1)},
  pages={70--75},
  year={2009}
}

@article{habibi2015event,
  title={Event-driven web application testing based on model-based mutation testing},
  author={Habibi, Elahe and Mirian-Hosseinabadi, Seyed-Hassan},
  journal={Information and Software Technology},
  volume={67},
  pages={159--179},
  year={2015},
  publisher={Elsevier}
}

@inproceedings{weiss2013introducing,
  title={Introducing the QCEP-testing system for executable acceptance test driven development of complex event processing applications},
  author={Weiss, Johannes and Mandl, Peter and Schill, Alexander},
  booktitle={Proceedings of the 2013 International Workshop on Joining AcadeMiA and Industry Contributions to testing Automation},
  pages={13--18},
  year={2013},
  organization={ACM}
}

@inproceedings{mendes2008framework,
  title={A framework for performance evaluation of complex event processing systems},
  author={Mendes, Marcelo and Bizarro, Pedro and Marques, Paulo},
  booktitle={Proceedings of the second international conference on Distributed event-based systems},
  pages={313--316},
  year={2008},
  organization={ACM}
}

@incollection{li2013cepben,
  title={CEPBen: a benchmark for complex event processing systems},
  author={Li, Chunhui and Berry, Robert},
  booktitle={Performance Characterization and Benchmarking},
  pages={125--142},
  year={2013},
  publisher={Springer}
}

@phdthesis{li2014performance,
  title={Performance management of event processing systems},
  author={Li, Chunhui},
  year={2014},
  school={Aston University}
}

@misc{WebLogic:2016,
author = {Oracle},
title = {Introducing the WebLogic Integration Administration Console},
howpublished={\url{https://docs.oracle.com}},
year={2016},
}

@misc{Finland:2016,
author = {Micro\_Research\_Finland\_Oy},
title = {Event Generator},
howpublished={\url{http://www.mrf.fi/index.php}},
year={2016},
}

@misc{Starcom:2016,
author = {Starcom\_Systems},
title = {The Event Generator},
howpublished={\url{https://www.starcomsystems.com}},
year={2016},
}

@article{chekanov2015hepsim,
  title={HepSim: a repository with predictions for high-energy physics experiments},
  author={Chekanov, SV},
  journal={Advances in High Energy Physics},
  volume={2015},
  year={2015},
  publisher={Hindawi Publishing Corporation}
}

@incollection{mendes2009performance,
  title={A performance study of event processing systems},
  author={Mendes, Marcelo RN and Bizarro, Pedro and Marques, Paulo},
  booktitle={Performance Evaluation and Benchmarking},
  pages={221--236},
  year={2009},
  publisher={Springer}
}

@inproceedings{Rozsnyai:2007,
 author = {Rozsnyai, Szabolcs and Schiefer, Josef and Schatten, Alexander},
 title = {Concepts and Models for Typing Events for Event-based Systems},
 booktitle = {Proceedings of the 2007 Inaugural International Conference on Distributed Event-based Systems},
 series = {DEBS '07},
 year = {2007},
 isbn = {978-1-59593-665-3},
 location = {Toronto, Ontario, Canada},
 pages = {62--70},
 numpages = {9},
 howpublished={\url{http://doi.acm.org/10.1145/1266894.1266904}},
 doi = {10.1145/1266894.1266904},
 publisher = {ACM},
 address = {New York, NY, USA},
} 

@inproceedings{chen2006complex,
  title={Complex event processing using simple rule-based event correlation engines for business performance management},
  author={Chen, Shyh-Kwei and Jeng, Jun-Jang and Chang, Henry},
  booktitle={E-Commerce Technology, 2006. The 8th IEEE International Conference on and Enterprise Computing, E-Commerce, and E-Services, The 3rd IEEE International Conference on},
  pages={3--3},
  year={2006},
  organization={IEEE}
}

@inproceedings{von2009existing,
  title={Existing and future standards for event-driven business process management},
  author={von Ammon, Rainer and Emmersberger, Christoph and Ertlmaier, Thomas and Etzion, Opher and Paulus, Thomas and Springer, Florian},
  booktitle={Proceedings of the Third ACM International Conference on Distributed Event-Based Systems},
  pages={24},
  year={2009},
  organization={ACM}
}

@misc{ThingSpeak:2016,
author = {ThingSpeak},
title = {ThingSpeak website},
howpublished={\url{https://thingspeak.com}},
date={01-24-2016},
}

﻿@Inbook{Seirio2005,
author="Seiri{\"o}, Marco
and Berndtsson, Mikael",
chapter="Design and Implementation of an ECA Rule Markup Language",
title="Rules and Rule Markup Languages for the Semantic Web: First International Conference, RuleML 2005, Galway, Ireland, November 10-12, 2005. Proceedings",
year="2005",
publisher="Springer Berlin Heidelberg",
address="Berlin, Heidelberg",
pages="98--112",
isbn="978-3-540-32270-2",
doi="10.1007/11580072_9",
howpublished={\url{http://dx.doi.org/10.1007/11580072_9}}
}

@article{adi2004amit,
  title={Amit-the situation manager},
  author={Adi, Asaf and Etzion, Opher},
  journal={The VLDB Journal—The International Journal on Very Large Data Bases},
  volume={13},
  number={2},
  pages={177--203},
  year={2004},
  publisher={Springer-Verlag New York, Inc.}
}

@misc{Esper:2016,
author = {EsperTech},
title = {EsperTech website},
howpublished={\url{http://www.espertech.com/esper/index.php}},
year={2018},
}

@misc{Buglabs:2016,
author = {Buglabs},
title = {Buglabs website},
howpublished={\url{http://buglabs.net/bugswarm}},
date={02-25-2016}
}

@misc{Grovestreams:2016,
author = {Grovestreams},
title = {Grovestreams website},
howpublished={\url{https://grovestreams.com/index.html}},
date={02-25-2016}
}

@misc{Sensorcloud:2016,
author = {Sensorcloud},
title = {Sensorcloud website},
howpublished={\url{http://sensorcloud.com/}},
date={02-25-2016}
}

@misc{Xively:2016,
author = {Xively},
title = {Xively website},
howpublished={\url{http://xively.com/}},
date={02-25-2016}
}

@misc{Zettajs:2016,
author = {Zettajs},
title = {Zettajs website},
howpublished={\url{http://www.zettajs.org/}},
date={02-25-2016}
}

@book{Luckham2012,
   title = "Event processing for business : organizing the real-time enterprise",
   author = "Luckham, David C.",
   publisher = "Hoboken, N.J. John Wiley \& Sons",
   howpublished={\url{http://opac.inria.fr/record=b1133466}},
   isbn = "978-0-470-53485-4",
   year = 2012
}

@misc{Oracle:2016,
author = {Oracle},
title = {SimpleDateFormat Java class},
howpublished={\url{https://docs.oracle.com/javase/7/docs/api/java/text/SimpleDateFormat.html}},
date={11-25-2015}
}

@misc{Esper:terminal,
author = {EsperTech},
title = {EsperTech Self-Service Terminal},
howpublished={\url{http://www.espertech.com/esper/re\-lease-5.2.0/esper-reference/html/examples.html}},
year={2016}
}

@misc{Esper:transaction,
author = {EsperTech},
title = {EsperTech Transaction},
howpublished={\url{http://www.espertech.com/esper/release-5.2.0/esper-reference/html/examples.html$#$examples-transaction-3-event-challenge}},
date={01-07-2016}
}

@misc{Ettercap:2016,
author = {Ettercap},
title = {Ettercap website},
howpublished={\url{https://ettercap.github.io/ettercap/index.html}},
year={2016}
}

@phdthesis{
        gad2015event,
	author = "Gad, Ruediger",
	title = "Event-driven Principles and Complex Event Processing for Self-adaptive Network Analysis and Surveillance Systems",
	school = "University of Applied Sciences Frankfurt am Main",
	year = "2015"
}

@phdthesis{TesisGutierrez2017,
	author = "Gutiérrez-Madroñal, Lorena",
	title = "Generación Automática de Casos en Procesamiento de Eventos con EPL - Authomatic Generation of Cases in Event Processing using EPL",
	school = "University of Cadiz",
	year = "2017"
}

@article{boubeta-puig2015,
	title = {{MEdit}4CEP: {A} model-driven solution for real-time decision making in {SOA} 2.0},
	volume = {89},
	issn = {0950-7051},
	shorttitle = {{MEdit}4CEP},
	howpublished={\url{http://www.sciencedirect.com/science/article/pii/S0950705115002397}},
	doi = {10.1016/j.knosys.2015.06.021},
	urldate = {2015-07-04},
	journal = {Knowledge-Based Systems},
	author = {Boubeta-Puig, Juan and Ortiz, Guadalupe and Medina-Bulo, Inmaculada},
	month = nov,
	year = {2015},
	pages = {97--112},
}

@conference {gutierrez2015escim,
	title = {Mutation testing in event programming language},
	booktitle = {7th European Symposium on Computational Intelligence and Mathematics, ESCIM 2015},
	year = {2015},
	author = {Lorena Guti{\'e}rrez-Madro{\~n}al and Dom{\'\i}nguez-Jim{\'e}nez, Juan Jos{\'e} and Inmaculada Medina-Bulo}
}

@INPROCEEDINGS{Gutierrez2016a, 
author={Guti{\'e}rrez-Madro{\~n}al, L. and Dominguez-Jimenez, J.J. and Medina-Bulo, I.}, 
booktitle={XXI Jornadas de Ingenier{\'\i}a del Software y Bases de Datos (JISBD - SISTEDES 2016), Salamanca, Spain}, 
title={Generación automática de eventos de prueba para sistemas de I.o.T.}, 
year={2016}, 
}

@article{Gutierrez2016b, 
author={Guti{\'e}rrez-Madro{\~n}al, L. and Dominguez-Jimenez, J.J. and Medina-Bulo, I.}, 
journal={Journal of Systems and Software JSS. Special Issue on Software Reliability Engineering, (under first revision to be published)}, 
title={IoT-TEG: Event Generator System}, 
year={2016}, 
}

@book{.2016,
 author = {{La Blunda}, Luigi and Wagner, Matthias},
 year = {2016},
 title = {Proceedings of Biotelemetry XXI (ISOB conference)},
 howpublished={\url{http://www.biotelemetry.org/}},
 address = {Leuven (Belgium)},
 urldate = {November 2017},
 publisher = {{Faculteit Ingenieurswetenschappen KU Leuven}},
 isbn = {9789460189821}
}


@misc{APAOTS2013,
 author = {APA-OTS},
 year = {2013},
 title = {EU f{\"o}rdert {F}allwatch, ein {E}rkennungssystem, das {S}enioren nach {S}t{\"u}rzen schneller hilft},
 howpublished={\url{https://goo.gl/51o8X3}},
 urldate = {23.12.2015}
}


@misc{EuropeanCommission2013,
 author = {{European Commission}},
 year = {2013},
 title = {New device VIGI'FALL will make growing older safer thanks to EU funding - Horizon 2020 - European Commission},
 howpublished={\url{https://goo.gl/6jLwsp}},
 urldate = {20.02.2017}
}


@article{Igual2013,
 author = {Igual, Raul and Medrano, Carlos and Plaza, Inmaculada},
 year = {2013},
 title = {Challenges, issues and trends in fall detection systems},
 pages = {66},
 volume = {12},
 issn = {1475-925X},
 journal = {Biomedical engineering online},
 doi = {10.1186/1475-925X-12-66}
}


@incollection{LaBlunda.2016,
 author = {{La Blunda}, Luigi and Wagner, Matthias},
 title = {Fall-detection belt based on Body Area Networks},
 howpublished={\url{http://www.biotelemetry.org/}},
 urldate = {November 2017},
 pages = {21--24},
 volume = {1},
 publisher = {{Faculteit Ingenieurswetenschappen KU Leuven}},
 isbn = {9789460189821},
 booktitle = {Proceedings of Biotelemetry XXI (ISOB conference)},
 year = {2016},
 address = {Leuven (Belgium)}
}


@incollection{LaBlunda.2016b,
 author = {{La Blunda}, Luigi and Wagner, Matthias},
 title = {The Usage of Body Area Networks for Fall-Detection},
 pages = {159--163},
 publisher = {{Alekseev, S.} and {Dowland, P. S.} and {Ghita, B.} and {Schneider, O.}},
 isbn = {978-1841024103},
 booktitle = {Proceedings of the eleventh International Network Conference (INC 2016)},
 year = {2016},
 address = {Frankfurt am Main}
}

@book{Li2009,
 author = {Li, Qiang and Stankovic, John A. and Hanson, Mark A. and Barth, Adam T. and Lach, John and Zhou, Gang},
 year = {2009},
 title = {Accurate, Fast Fall Detection Using Gyroscopes and Accelerometer-Derived Posture Information},
 address = {In Wearable and Implantable Body Sensor Networks, 2009. BSN 2009. Sixth International Workshop on (pp. 138-143)},
 publisher = {IEEE},
 doi = {10.1109/BSN.2009.46}
}


@misc{Monks,
 author = {{Monks - {\"A}rzte im Netz GmbH}},
 title = {Demenzkranke st{\"u}rzen besonders h{\"a}ufig},
 howpublished={\url{https://goo.gl/rdkfL2}},
 urldate = {2015-12-23}
}


@article{Schott2008,
 author = {Schott, Nadja and Kurz, Ann-Katrin},
 year = {2008},
 title = {St{\"u}rze bei {\"a}lteren {E}rwachsenen: Risikofaktoren -- {A}ssessment -- {P}r{\"a}vention: Ein {R}eview},
 pages = {45--62},
 volume = {15},
 number = {2},
 issn = {1612-5010},
 journal = {Zeitschrift f{\"u}r Sportpsychologie},
 doi = {10.1026/1612-5010.15.2.45}
}


@book{UniversityofPlymouth.2016,
 year = {2016},
 title = {Proceedings of the eleventh International Network Conference (INC 2016)},
 address = {Frankfurt am Main},
 publisher = {{Alekseev, S.} and {Dowland, P. S.} and {Ghita, B.} and {Schneider, O.}},
 isbn = {978-1841024103}
}


@book{Varnaccia2013,
 author = {Varnaccia, G.},
 year = {2013},
 title = {Das Unfallgeschehen bei Erwachsenen in Deutschland: Ergebnisse des Unfallmoduls der Befragung Gesundheit in Deutschland aktuell 2010},
 howpublished={\url{https://books.google.de/books?id=AEXongEACAAJ}},
 publisher = {Robert-Koch-Institut},
 isbn = {9783896062178},
 series = {Beitr{\"a}ge zur Gesundheitsberichterstattung des Bundes}
}


@misc{Vigilio,
 author = {Vigilio},
 title = {Vigilio S.A. - {V}igilio S.A.Solutions t{\'e}l{\'e}m{\'e}dicales fiables pour la sant{\'e} et la s{\'e}curit{\'e} des plus fragiles},
 howpublished={\url{http://www.vigilio.fr/}},
 urldate = {23.12.2015}
}

@article{Pannurat2014,
 author = {Pannurat, Natthapon and Thiemjarus, Surapa and Nantajeewarawat, Ekawit},
 year = {2014},
 title = {Automatic Fall Monitoring: A Review},
 pages = {12900--12936},
 volume = {14},
 number = {7},
 issn = {1424-8220},
 journal = {Sensors},
 doi = {10.3390/s140712900}
}

@inproceedings{Gjoreski2014,
 author = {Gjoreski, Hristijan and Rashkovska, Aleksandra and Kozina, Simon and Lustrek, Mitja and Gams, Matjaz},
 title = {Telehealth using ECG sensor and accelerometer},
 urldate = {27.11.2017},
 pages = {270--274},
 publisher = {IEEE},
 isbn = {978-953-233-077-9},
 booktitle = {2014 37th International Convention on Information and Communication Technology, Electronics and Microelectronics (MIPRO)},
 year = {2014},
 doi = {10.1109/MIPRO.2014.6859575}
}

@incollection{Kozina,
 author = {Kozina, Simon and Gjoreski, Hristijan and Gams, Matja{\v{z}} and Lu{\v{s}}trek, Mitja},
 title = {Efficient Activity Recognition and Fall Detection Using Accelerometers},
 urldate = {27.11.2017},
 pages = {13--23},
 volume = {386},
 doi = {10.1007/978-3-642-41043-7\_2}
}

@article{Luder2009,
 author = {L{\"u}der, Marian and Bieber, Gerald and Salomon, Ralf},
 year = {2009},
 title = {Sturzerkennung mittels {L}uftdruck- und {B}eschleunigungssensorik {A}ir {P}ressure- and {A}cceleration-{B}ased {F}all {D}etector: 2. {D}eutscher {AAL}-{K}ongress mit {A}usstellung - {T}echnologien, {A}nwendungen ; 27. - 28. {J}anuar 2009 in {B}erlin; {T}agungsbandbeitr{\"a}ge},
}

@misc{iot-analytics:2015,
author = {IoT-Analytics},
title = {White paper - IOT PLATFORMS - The central backbone for the Internet of Things},
howpublished={\url{https://iot-analytics.com/5-things-know-about-iot-platform/}},
year={11-2015},
}

@article{dobbs2004houches,
  title={Les Houches guidebook to Monte Carlo generators for hadron collider physics},
  author={Dobbs, Matt A and Frixione, Stefano and Laenen, Eric and Tollefson, Kirsten and Baer, H and Boos, E and Cox, B and Engel, R and Giele, W and Huston, J and others},
  journal={arXiv preprint hep-ph/0403045},
  year={2004}
}

@article{mangano2005tools,
  title={Tools for the simulation of hard hadronic collisions},
  author={Mangano, Michelangelo L and Stelzer, Timothy J},
  journal={Annu. Rev. Nucl. Part. Sci.},
  volume={55},
  pages={555--588},
  year={2005},
  publisher={Annual Reviews}
}

@book{Etz10,
 author = {Etzion, Opher and Niblett, Peter},
 title = {Event Processing in Action},
 year = {2010},
 isbn = {1935182218, 9781935182214},
 edition = {1st},
 publisher = {Manning Publications Co.},
 address = {Greenwich, CT, USA},
} 

@misc{Arduino2018,
author = {Arduino},
title = {Arduino website},
howpublished={\url{https://www.arduino.cc/en/Guide/ArduinoPrimoCore}},
note={04-29-2018}
}

@article{Grzegorczyk,
author = {Grzegorczyk, Karol and Baggiolini, Vito and Zieliński, Krzysztof},
year = {2014},
month = {01},
pages = {},
title = {Complex Event Processing Approach To Automated Monitoring Of Particle Accelerator And Its Control System},
volume = {15},
booktitle = {Computer Science}
}

@misc{LuigiMasterThesis,
 author = {La Blunda, L.},
 year = {2016},
 title = {{Die Sturzerkennung basierend auf Body Area Networks}},
 publisher = {Master_Thesis - Frankfurt-Univeristy of Applied Sciences},
}

@misc{FallRepo,
 author = {Gutiérrez-Madroñal, L.},
 year = {2018},
 title = {Github repository},
 howpublished={\url{https://github.com/lorgut/FallDetectionData}},
}

@article{gutierrez2018,
author = {Guti{\'e}rrez-Madro{\~n}al, Lorena and Garc{\'i}a-Dom{\'i}nguez, Antonio and Medina-Bulo, Inmaculada},
title = {Evolutionary mutation testing for IoT with recorded and generated events},
journal = {Software: Practice and Experience},
volume = {0},
number = {0},
pages = {},
year={2018},
doi = {10.1002/spe.2629},
url = {https://onlinelibrary.wiley.com/doi/abs/10.1002/spe.2629},
eprint = {https://onlinelibrary.wiley.com/doi/pdf/10.1002/spe.2629},
}

@ARTICLE{jia2011,
author={Y. Jia and M. Harman},
journal={IEEE Transactions on Software Engineering},
title={An Analysis and Survey of the Development of Mutation Testing},
year={2011},
volume={37},
number={5},
pages={649-678},
ISSN={0098-5589},
month={Sept},}

@article{jamsa2014fall,
  title={Fall detection in the older people: From laboratory to real-life},
  author={J{\"a}ms{\"a}, Timo and Kangas, Maarit and Vikman, Irene and Nyberg, Lars and Korpelainen, Raija},
  journal={Proceedings of the Estonian Academy of Sciences},
  volume={63},
  number={3},
  pages={253},
  year={2014},
  publisher={Teaduste Akadeemia Kirjastus (Estonian Academy Publishers)}
}

